@inproceedings{lofstead2010managing,
  title={{Managing Variability in the IO Performance of Petascale Storage Systems}},
  author={Lofstead, Jay and Zheng, Fang and Liu, Qing and Klasky, Scott and Oldfield, Ron and Kordenbrock, Todd and Schwan, Karsten and Wolf, Matthew},
  booktitle={Proceedings of the 2010 ACM/IEEE International Conference for High Performance Computing, Networking, Storage and Analysis},
  pages={1--12},
  year={2010},
  organization={IEEE Computer Society}
}

@inproceedings{DBLP:conf/mss/WangHHZLH13,
  author    = {Hua Wang and
               Ping Huang and
               Shuang He and
               Ke Zhou and
               Chun-hua Li and
               Xubin He},
  title     = {A novel {I/O} scheduler for SSD with improved performance
               and lifetime},
  booktitle = {MSST},
  year      = {2013},
  pages     = {1-5},
  ee        = {http://doi.ieeecomputersociety.org/10.1109/MSST.2013.6558426},
  crossref  = {DBLP:conf/mss/2013},
  bibsource = {DBLP, http://dblp.uni-trier.de}
}
@inproceedings{naksinehaboon2008reliability,
  title={Reliability-aware approach: An incremental checkpoint/restart model in hpc environments},
  author={Naksinehaboon, Nichamon and Liu, Yudan and Leangsuksun, Chokchai and Nassar, Raja and Paun, Mihaela and Scott, Stephen L},
  booktitle={Cluster Computing and the Grid, 2008. CCGRID'08. 8th IEEE International Symposium on},
  pages={783--788},
  year={2008},
  organization={IEEE}
}
@inproceedings{DBLP:conf/mss/LeeKKLPM13,
  author    = {Young-Sik Lee and
               Sang-Hoon Kim and
               Jin-Soo Kim and
               Jaesoo Lee and
               Chanik Park and
               Seungryoul Maeng},
  title     = {{OSSD}: A case for object-based solid state drives},
  booktitle = {MSST},
  year      = {2013},
  pages     = {1-13},
  ee        = {http://doi.ieeecomputersociety.org/10.1109/MSST.2013.6558448},
  crossref  = {DBLP:conf/mss/2013},
  bibsource = {DBLP, http://dblp.uni-trier.de}
}

@inproceedings{chen2009understanding,
  title={{Understanding Intrinsic Characteristics and System Implications of Flash Memory based Solid State Drives}},
  author={Chen, Feng and Koufaty, David A and Zhang, Xiaodong},
  booktitle={ACM SIGMETRICS Performance Evaluation Review},
  volume={37},
  number={1},
  pages={181--192},
  year={2009},
  organization={ACM}
}
@inproceedings{park2009performance,
  title={{A Performance Evaluation of Scientific I/O Workloads on Flash-based SSDs}},
  author={Park, Stan and Shen, Kai},
  booktitle={Cluster Computing and Workshops, 2009. CLUSTER'09. IEEE International Conference on},
  pages={1--5},
  year={2009},
  organization={IEEE}
}
@inproceedings{DBLP:conf/mss/ZhuWLHLM13,
  author    = {Bingpeng Zhu and
               Gang Wang and
               Xiaoguang Liu and
               Dianming Hu and
               Sheng Lin and
               Jingwei Ma},
  title     = {{Proactive Drive Failure Prediction for Large Scale Storage
               Systems}},
  booktitle = {MSST},
  year      = {2013},
  pages     = {1-5},
  ee        = {http://doi.ieeecomputersociety.org/10.1109/MSST.2013.6558427},
  crossref  = {DBLP:conf/mss/2013},
  bibsource = {DBLP, http://dblp.uni-trier.de}
}

@inproceedings{Stoica2001,
 author = {Stoica, Ion and Morris, Robert and Karger, David and Kaashoek, M. Frans and Balakrishnan, Hari},
 title = {{Chord: A Scalable Peer-to-peer Lookup Service for Internet Applications}},
 booktitle = {Proceedings of the 2001 Conference on Applications, Technologies, Architectures, and Protocols for Computer Communications},
 series = {SIGCOMM '01},
 year = {2001},
 location = {San Diego, California, USA},
 pages = {149--160},
 numpages = {12},
 publisher = {ACM},
 address = {New York, NY, USA},
}

@inproceedings{Ratnasamy2001,
 author = {Ratnasamy, Sylvia and Francis, Paul and Handley, Mark and Karp, Richard and Shenker, Scott},
 title = {{A Scalable Content-addressable Network}},
 booktitle = {Proceedings of the 2001 Conference on Applications, Technologies, Architectures, and Protocols for Computer Communications},
 series = {SIGCOMM '01},
 year = {2001},
 location = {San Diego, California, USA},
 pages = {161--172},
 numpages = {12},
 publisher = {ACM},
 address = {New York, NY, USA},
}

@inproceedings{Cai2004,
 author = {Cai, Min and Chervenak, Ann and Frank, Martin},
 title = {{A Peer-to-Peer Replica Location Service Based on a Distributed Hash Table}},
 booktitle = {Proceedings of the 2004 ACM/IEEE Conference on Supercomputing},
 series = {SC '04},
 year = {2004},
 pages = {56--67},
 publisher = {IEEE Computer Society},
 address = {Washington, DC, USA},
}

@inproceedings{Rowstron2001,
 author = {Rowstron, Antony and Druschel, Peter},
 title = {{Storage Management and Caching in PAST, a Large-scale, Persistent Peer-to-peer Storage Utility}},
 booktitle = {Proceedings of the Eighteenth ACM Symposium on Operating Systems Principles},
 series = {SOSP '01},
 year = {2001},
 location = {Banff, Alberta, Canada},
 pages = {188--201},
 numpages = {14},
 publisher = {ACM},
 address = {New York, NY, USA},
}

@inproceedings{Lee1996,
 author = {Lee, Edward K. and Thekkath, Chandramohan A.},
 title = {{Petal: Distributed Virtual Disks}},
 booktitle = {Proceedings of the Seventh International Conference on Architectural Support for Programming Languages and Operating Systems},
 series = {ASPLOS VII},
 year = {1996},
 location = {Cambridge, Massachusetts, USA},
 pages = {84--92},
 numpages = {9},
 publisher = {ACM},
 address = {New York, NY, USA},
}

@inproceedings{MacCormick2004,
 author = {MacCormick, John and Murphy, Nick and Najork, Marc and Thekkath, Chandramohan A. and Zhou, Lidong},
 title = {{Boxwood: Abstractions As the Foundation for Storage Infrastructure}},
 booktitle = {Proceedings of the 6th Conference on Symposium on Opearting Systems Design \& Implementation - Volume 6},
 series = {OSDI '04},
 year = {2004},
 location = {San Francisco, CA},
 pages = {105--120},
 numpages = {1},
 publisher = {USENIX Association},
 address = {Berkeley, CA, USA},
}

@inproceedings{honicky04,
  author       = {R. J. Honicky and Ethan L. Miller},
  title        = {{Replication Under Scalable Hashing: A Family of Algorithms for Scalable Decentralized Data Distribution}},
  booktitle = {Proceedings of the 18th International Parallel \& Distributed Processing Symposium (IPDPS 2004)},
  year         = {2004},
}

@inproceedings{Weil2006,
 author = {Weil, Sage A. and Brandt, Scott A. and Miller, Ethan L. and Maltzahn, Carlos},
 title = {{CRUSH: Controlled, Scalable, Decentralized Placement of Replicated Data}},
 booktitle = {Proceedings of the 2006 ACM/IEEE Conference on Supercomputing},
 series = {SC '06},
 year = {2006},
 location = {Tampa, Florida},
 publisher = {ACM},
 address = {New York, NY, USA},
}

@online{Flashcache,
author = {Srinivasan, Mohan and Saab, Paul and Tkachenko,Vadim},
title = {Flashcache},
url = {https://github.com/facebook/flashcache/}
}

@online{tracedata2,
author = {Geoff Kuenning},
title = {{LASR traces}},
url = { http://www.lasr.cs.ucla.edu/seer/seer_traces.html}
}

@inproceedings{Zhang2012,
  author = {Zhang, Xuechen and Davis, Kei and Jiang, Song},
  booktitle = {IPDPS},
  pages = {715-726},
  publisher = {IEEE Computer Society},
  title = {{iTransformer: Using SSD to Improve Disk Scheduling for High-performance I/O}},
  year = 2012
}

@inproceedings{Pritchett2010,
 author = {Pritchett, Timothy and Thottethodi, Mithuna},
 title = {{SieveStore: A Highly-selective, Ensemble-level Disk Cache for Cost-performance}},
 booktitle = {Proceedings of the 37th Annual International Symposium on Computer Architecture},
 series = {ISCA '10},
 year = {2010},
 location = {Saint-Malo, France},
 pages = {163--174},
 numpages = {12},
 publisher = {ACM},
 address = {New York, NY, USA},
}

@inproceedings{Chen2011,
 author = {Chen, Feng and Koufaty, David A. and Zhang, Xiaodong},
 title = {{Hystor: Making the Best Use of Solid State Drives in High Performance Storage Systems}},
 booktitle = {Proceedings of the International Conference on Supercomputing},
 series = {ICS '11},
 year = {2011},
 location = {Tucson, Arizona, USA},
 pages = {22--32},
 numpages = {11},
 publisher = {ACM},
 address = {New York, NY, USA},
}

@inproceedings{Yang2011,
 author = {Yang, Qing and Ren, Jin},
 title = {{I-CASH: Intelligently Coupled Array of SSD and HDD}},
 booktitle = {Proceedings of the 2011 IEEE 17th International Symposium on High Performance Computer Architecture},
 series = {HPCA '11},
 year = {2011},
 pages = {278--289},
 numpages = {12},
 publisher = {IEEE Computer Society},
 address = {Washington, DC, USA},
}

@inproceedings{Payer2009,
 author = {Payer, H. and Sanvido, M. A. and Bandic, Z. Z. and Kirsch, C. M.},
 title = {{Combo Drive: Optimizing Cost and Performance in a Heterogeneous Storage Device}},
 booktitle = {Proceedings of the 1st Workshop on integrating solid-state memory into the storage hierarchy},
 series = {WISH '09},
 year = {2009},
}

@article{Luo2012,
 author = {Luo, Tian and Lee, Rubao and Mesnier, Michael and Chen, Feng and Zhang, Xiaodong},
 title = {{hStorage-DB: Heterogeneity-aware Data Management to Exploit the Full Capability of Hybrid Storage Systems}},
 journal = {Proc. VLDB Endow.},
 volume = {5},
 number = {10},
 month = jun,
 year = {2012},
 pages = {1076--1087},
 numpages = {12},
 publisher = {VLDB Endowment},
}
